
@book{Raj,
  title = {The Art of Computer Systems Performance Analysis},
  author = {Raj Jain},
  publisher = {John Wiley and Sons, Inc.},
  year = {1991}
}

@Article{lz77,
  author = 	 {Lempel, A. and Ziv, J.},
  title = 	 {A Universal Algorithm for Sequential Data Compression},
  journal = 	 {IEEE Transactions on Information Theory 23, 337-343},
  year = 	 {1997}
}

@Manual{rle,
  title = 	 {Run Length Encoding},
  OPTauthor = 	 {Arturo San Emeterio Campos},
  OPTaddress = 	 {http://www.arturocampos.com/ac_rle.html},
  OPTyear = 	 {1999}
}